@book{gibsonbook,
  author         = {"A.R. DUCHOSSOIR"},
  publisher      = {Hal Leonard},
  title          = {Gibson Electrics The Classical Years},
  year           = {1994}
}

@misc{gibsonsite,
  author       = {ChasingGuitars},
  howpublished = {\url{https://chasingguitars.com/gibson-history/}},
  title        = {Gibson History}
}

@misc{1890patent,
  author       = {W.H. Gilman},
  howpublished = {\url{https://patents.google.com/patent/US488520A/en?oq=US488520}},
  title        = {Electrically-operated stringed musical instrument},
  year         = {U.S. Patent 488520, 1892}
}

@misc{Gibsonpatent,
  author       = {GIBSON Inc.},
  howpublished = {\url{https://patents.google.com/patent/US2087106A/en?oq=US2087106}},
  title        = {Electrical musical instrument},
  year         = {U.S. Patent 2087106, 1936}
}

@misc{wikielectric,
  author       = {Wikipedia},
  howpublished = {\url{https://en.wikipedia.org/wiki/Electric_guitar}},
  title        = {Electric Guitar}
}

@misc{wikies150,
  author       = {Wikipedia},
  howpublished = {\url{https://en.wikipedia.org/wiki/Gibson_ES-150}},
  title        = {Gibson ES-150}
}

@misc{repo,
  author       = {Ivan Gonzalez},
  howpublished = {\url{https://github.com/ivdgonzalezco/historylatex}},
  title        = {Historia del Audio 2023-1}
}