@misc{wikirevival,
  author       = {Wikipedia},
  howpublished = {\url{https://en.wikipedia.org/wiki/Vinyl_revival}},
  title        = {Vynil Revival}
}

@misc{wikiRSD,
  author       = {Wikipedia},
  howpublished = {\url{https://en.wikipedia.org/wiki/Record_Store_Day}},
  title        = {Record Store Day}
}

@misc{hustle,
  author       = {The Hustle},
  howpublished = {\url{https://thehustle.co/the-insane-resurgence-of-vinyl-records/}},
  title        = {The insane resurgence of vinyl records}
}

@misc{riaa,
  author       = {Recording Industry Association of America},
  howpublished = {\url{https://en.wikipedia.org/wiki/Electric_guitar}},
  title        = {U.S. Sales Database}
}

@misc{youtube,
  author       = {Youtube},
  howpublished = {\url{https://www.youtube.com/watch?v=BvvkOsCg204}},
  title        = {Vinyl Revolution - Documentary Short Film}
}

@misc{repo,
  author       = {Ivan Gonzalez},
  howpublished = {\url{https://github.com/ivdgonzalezco/historylatex}},
  title        = {Historia del Audio 2023-1}
}