@book{drumbook,
  author         = {"Jean-Michel RÃ©veillac"},
  publisher      = {ISTE},
  title          = {Electronic Music Machines},
  year           = {2019}
}

@misc{wikidrum,
  author       = {Wikipedia},
  howpublished = {\url{https://en.wikipedia.org/wiki/Drum_machine}},
  title        = {Drum Machine}
}

@misc{wiki808,
  author       = {Wikipedia},
  howpublished = {\url{https://en.wikipedia.org/wiki/Roland_TR-808}},
  title        = {Roland TR-808}
}

@misc{wikirhythmicon,
  author       = {Wikipedia},
  howpublished = {\url{https://en.wikipedia.org/wiki/Rhythmicon}},
  title        = {Rhythmicon}
}

@misc{14drums,
  author       = {Scott Wilson},
  howpublished = {\url{https://www.factmag.com/2016/09/22/the-14-drum-machines-that-shaped-modern-music/}},
  title        = {The 14 drum machines that shaped modern music},
  year         = {Septiembre 2016}
}

@misc{rolandstory,
  author       = {Gordon Reid},
  howpublished = {\url{https://www.soundonsound.com/music-business/history-roland-part-1}},
  title        = {The History Of Roland: Part 1},
  year         = {Noviembre 2004}
}

@misc{slaves,
  author       = {Jason Anderson},
  howpublished = {\url{https://www.cbc.ca/news/entertainment/slaves-to-the-rhythm-1.771508}},
  title        = {Slaves to the rhythm},
  year         = {Noviembre 2008}
}

@misc{808tspecs,
  author       = {Sweetwater},
  howpublished = {\url{https://www.sweetwater.com/sweetcare/articles/roland-tr-808-technical-specifications/}},
  title        = {Roland TR-808 Technical Specifications},
  year         = {Marzo 2012}
}

@misc{repo,
  author       = {Ivan Gonzalez},
  howpublished = {\url{https://github.com/ivdgonzalezco/historylatex}},
  title        = {Historia del Audio 2023-1}
}

@book{808film,
  author         = {Alexander Dunn},
  publisher      = {Atlantic Films, Apple Music},
  title          = {808},
  year           = {2015}
} 